<?xml version="1.0" encoding="UTF-8" ?>
<collection xmlns:xsi="http://www.w3.org/2001/XMLSchema-instance"
    xsi:schemaLocation="http://www.loc.gov/MARC21/slim
        http://www.loc.gov/standards/marcxml/schema/MARC21slim.xsd"
    xmlns="http://www.loc.gov/MARC21/slim">
<record>
  <leader>00312cam a2200625 ia4500</leader>
  <controlfield tag="001">b17609756</controlfield>
  <controlfield tag="003">LeBAU</controlfield>
  <controlfield tag="005">20170810</controlfield>
  <controlfield tag="008">121213s1928    ua            ||0 0 ara d</controlfield>
  <datafield tag="040" ind1=" " ind2=" ">
    <subfield code="a">LEAUB</subfield>
    <subfield code="b">ara</subfield>
    <subfield code="e">rda</subfield>
    <subfield code="c">LEAUB</subfield>
  </datafield>
  <datafield tag="082" ind1="0" ind2="4">
    <subfield code="a">892.708</subfield>
    <subfield code="2">23</subfield>
  </datafield>
  <datafield tag="100" ind1="1" ind2=" ">
    <subfield code="6">880-01</subfield>
    <subfield code="a">Ibn ʻAbd Rabbih, Aḥmad ibn Muḥammad,</subfield>
    <subfield code="d">860-940,</subfield>
    <subfield code="e">author.</subfield>
  </datafield>
  <datafield tag="245" ind1="1" ind2="0">
    <subfield code="6">880-02</subfield>
    <subfield code="a">al-ʻIqd al-farīd /</subfield>
    <subfield code="c">lil-imām al-fāḍil Shihāb al-Dīn Aḥmad al-ma‘rūf bi-ibn ‘Abd Rabbuh al-Andalusī.</subfield>
  </datafield>
  <datafield tag="250" ind1=" " ind2=" ">
    <subfield code="6">880-03</subfield>
    <subfield code="a">al-Ṭab‘ah al-thānīyah.</subfield>
  </datafield>
  <datafield tag="264" ind1=" " ind2="1">
    <subfield code="6">880-04</subfield>
    <subfield code="a">Miṣr :</subfield>
    <subfield code="b">al-Maṭba‘ah al-Azharīyah,</subfield>
    <subfield code="c">1346 H. = 1928 M.</subfield>
  </datafield>
  <datafield tag="300" ind1=" " ind2=" ">
    <subfield code="6">880-05</subfield>
    <subfield code="a">4 volumes ;</subfield>
    <subfield code="c">24 cm</subfield>
  </datafield>
  <datafield tag="336" ind1=" " ind2=" ">
    <subfield code="a">text</subfield>
    <subfield code="b">txt</subfield>
    <subfield code="2">rdacontent</subfield>
  </datafield>
  <datafield tag="337" ind1=" " ind2=" ">
    <subfield code="a">unmediated</subfield>
    <subfield code="b">n</subfield>
    <subfield code="2">rdamedia</subfield>
  </datafield>
  <datafield tag="338" ind1=" " ind2=" ">
    <subfield code="a">volume</subfield>
    <subfield code="b">nc</subfield>
    <subfield code="2">rdacarrier</subfield>
  </datafield>
  <datafield tag="505" ind1="0" ind2=" ">
    <subfield code="a">الجزء الأول. كتاب اللؤلؤة في السلطان -- كتاب الفريدة في الحروب ومدار أمرها -- كتاب الزبرجدة في الأجواد والأصفاد -- كتاب الجمانة في الوفود -- كتاب المرجانة في مخاطبة الملوك -- كتاب الياقوتة في العلم والادب – الجزء الثاني. كتاب الجوهرة في الأمثال – كتاب الزمردة في المواعظ والزهد -- كتاب الدرة في التعازي والمراثي -- كتاب اليتيمة في النسب وفضائل العرب – فرش كتاب كلاب الاعراب -- كتاب المجنبة في الاجوبة – فرش كتاب الخطب – الجزء الثالث. كتاب المجنبة الثانية في التوقيعات والفصول والصدور – كتاب اليتيمة الثانية في اخبار زياد والحجاج والطالبين والبرامكة -- كتاب الدرة الثانية في ايام العرب ووقائعها -- كتاب الزمردة الثانية في فضائل الشعر ومقاطعة مخارجه – الجزء الرابع. فرش كتاب الجوهرة الثانية في اعاريض الشعر وعلل القوافي – كتاب الياقوتة الثانية في الالحان وإختلاف الناس فيه – كتاب المرجانة الثانية في النساء وصفاتهن – كتاب الجمانة الثانية في المتنبئين والممرورين والبخلاء والطفيليين – فرش كتاب الزبرجدة الثانية في بيان طبائع الإنسان وسائر الحيوان وتفاضل البلدان – فرش كتاب الفريدة الثانية في الطعام والشراب -- كتاب اللؤلؤة الثانية في الفكاهات والملح.</subfield>
  </datafield>
  <datafield tag="650" ind1=" " ind2="4">
    <subfield code="a">الادب العربي</subfield>
    <subfield code="v">اعمال قديمة حتى 1800.</subfield>
  </datafield>
  <datafield tag="650" ind1=" " ind2="4">
    <subfield code="a">الشعر العربي</subfield>
    <subfield code="v">أعمال قديمة حتى 1800.</subfield>
  </datafield>
  <datafield tag="650" ind1=" " ind2="4">
    <subfield code="a">الشعراء العرب</subfield>
    <subfield code="x">أعمال قديمة حتى 1800.</subfield>
  </datafield>
  <datafield tag="650" ind1=" " ind2="4">
    <subfield code="a">الظرف والفكاهة العربية</subfield>
    <subfield code="v">اعمال قديمة حتى 1800.</subfield>
  </datafield>
  <datafield tag="650" ind1=" " ind2="0">
    <subfield code="a">Arabic literature</subfield>
    <subfield code="v">Early works to 1800.</subfield>
  </datafield>
  <datafield tag="650" ind1=" " ind2="0">
    <subfield code="a">Arabic poetry</subfield>
    <subfield code="v">Early works to 1800.</subfield>
  </datafield>
  <datafield tag="650" ind1=" " ind2="0">
    <subfield code="a">Poets, Arab</subfield>
    <subfield code="v">Early works to 1800.</subfield>
  </datafield>
  <datafield tag="650" ind1=" " ind2="0">
    <subfield code="a">Arabic wit and humor</subfield>
    <subfield code="v">Early works to 1800.</subfield>
  </datafield>
  <datafield tag="775" ind1="0" ind2=" ">
    <subfield code="6">880-06</subfield>
    <subfield code="t">Kitāb al-ʻIqd al-farīd</subfield>
    <subfield code="d">Bayrūt : Dār al-Kitāb al-ʻArabī, 1403 H. = 1983 M.</subfield>
    <subfield code="w">b19168287</subfield>
  </datafield>
  <datafield tag="775" ind1="0" ind2=" ">
    <subfield code="6">880-07</subfield>
    <subfield code="t">al-ʻIqd al-farīd.</subfield>
    <subfield code="b">al-Ṭab‘ah al-thānīyah</subfield>
    <subfield code="d">al-Qāhirah : Maṭba‘at al-Istiqāmah, 1372 [H.] = 1953 [M.]</subfield>
    <subfield code="w">(OCoLC)784384918</subfield>
    <subfield code="w">(OCoLC)784384918 </subfield>
  </datafield>
  <datafield tag="775" ind1="0" ind2=" ">
    <subfield code="6">880-08</subfield>
    <subfield code="t">al-ʻIqd al-farīd</subfield>
    <subfield code="d">Bayrūt : Maktabat Ṣādir, 1951-1955</subfield>
    <subfield code="w">(OCoLC)784425341</subfield>
    <subfield code="w">(OCoLC)784425341</subfield>
  </datafield>
  <datafield tag="775" ind1="0" ind2=" ">
    <subfield code="6">880-09</subfield>
    <subfield code="t">al-ʻIqd al-farīd.</subfield>
    <subfield code="b">al-Ṭab‘ah al-ūlá</subfield>
    <subfield code="d">Miṣr : al-Maṭba‘ah al-Jamālīyah, 1331 H, 1913 M.</subfield>
    <subfield code="w">(OCoLC)784384950</subfield>
    <subfield code="w">(OCoLC)784384950</subfield>
  </datafield>
  <datafield tag="775" ind1="0" ind2=" ">
    <subfield code="6">880-10</subfield>
    <subfield code="t">al-ʻIqd al-farīd.</subfield>
    <subfield code="b">al-Ṭab‘ah al-thānīyah</subfield>
    <subfield code="d">Bayrūt : Dār al-Masīrah, 1981</subfield>
    <subfield code="w">(OCoLC)784384964</subfield>
    <subfield code="w">(OCoLC)784384964</subfield>
  </datafield>
  <datafield tag="775" ind1="0" ind2=" ">
    <subfield code="6">880-11</subfield>
    <subfield code="t">al-ʻIqd al-farīd</subfield>
    <subfield code="d">al-Qāhirah, [Miṣr] : Maṭba‘at Lajnat al-Taʼlīf wa-al-Tarjamah wa-al-Nashr, 1367-1372 H, 1940-1953 M.</subfield>
    <subfield code="w">(OCoLC)784384955</subfield>
    <subfield code="w">(OCoLC)784384955</subfield>
  </datafield>
  <datafield tag="775" ind1="0" ind2=" ">
    <subfield code="6">880-12</subfield>
    <subfield code="t">al-ʻIqd al-farīd</subfield>
    <subfield code="d">Bayrūt : Dār al-Kitāb al-ʻArabī, 1406 H. = 1986 M.</subfield>
    <subfield code="w">b19179947</subfield>
  </datafield>
  <datafield tag="852" ind1=" " ind2=" ">
    <subfield code="a">Jafet Archives and Special Collections</subfield>
    <subfield code="e">American University of Beirut, Bliss Street, Beirut, Lebanon.</subfield>
  </datafield>
  <datafield tag="880" ind1="1" ind2=" ">
    <subfield code="6">100-01/(3/r</subfield>
    <subfield code="a">ابن عبد ربه، احمد بن محمد،</subfield>
    <subfield code="d">860-940،</subfield>
    <subfield code="e">مؤلف. </subfield>
    <subfield code="4">aut.</subfield>
  </datafield>
  <datafield tag="880" ind1="1" ind2="3">
    <subfield code="6">245-02/(3/r</subfield>
    <subfield code="a">العقد الفريد /</subfield>
    <subfield code="c">للإمام الفاضل شهاب الدين أحمد المعروف بإبن عبد ربه الأندلسي.</subfield>
  </datafield>
  <datafield tag="880" ind1=" " ind2=" ">
    <subfield code="6">250-03/(3/r</subfield>
    <subfield code="a">الطبعة الثانية.</subfield>
  </datafield>
  <datafield tag="880" ind1=" " ind2="1">
    <subfield code="6">264-04/(3/r</subfield>
    <subfield code="a">مصر :</subfield>
    <subfield code="b">المطبعة الأزهرية،</subfield>
    <subfield code="c">1346 هـ. = 1928 م.</subfield>
  </datafield>
  <datafield tag="880" ind1=" " ind2=" ">
    <subfield code="6">300-05/(3/r</subfield>
    <subfield code="a">4 أجزاء ؛</subfield>
    <subfield code="c">24 سم</subfield>
  </datafield>
  <datafield tag="880" ind1="0" ind2=" ">
    <subfield code="6">775-06/(3/r</subfield>
    <subfield code="t">كتاب العقد الفريد</subfield>
    <subfield code="d">بيروت : دار الكتاب العربي، 1403 هـ. = 1983 م.</subfield>
    <subfield code="w">b19168287</subfield>
  </datafield>
  <datafield tag="880" ind1="0" ind2=" ">
    <subfield code="6">775-07/(3/r</subfield>
    <subfield code="t">العقد الفريد.</subfield>
    <subfield code="b">الطبعة الثانية</subfield>
    <subfield code="d">القاهرة : مطبعة الإستقامة، 1372 [هـ.] = 1953 [م.]</subfield>
    <subfield code="w">b12527427</subfield>
    <subfield code="w">(OCoLC)784384918</subfield>
  </datafield>
  <datafield tag="880" ind1="0" ind2=" ">
    <subfield code="6">775-08/(3/r</subfield>
    <subfield code="t">العقد الفريد</subfield>
    <subfield code="d">بيروت : مكتبة صادر، 1951-1955</subfield>
    <subfield code="w">b12601950</subfield>
    <subfield code="w">(OCoLC)784425341</subfield>
  </datafield>
  <datafield tag="880" ind1="0" ind2=" ">
    <subfield code="6">775-09/(3/r</subfield>
    <subfield code="t">العقد الفريد.</subfield>
    <subfield code="b">الطبعة الأولى</subfield>
    <subfield code="d">مصر : المطبعة الجمالية، 1331 هـ. = 1913 م.</subfield>
    <subfield code="w">b12527452</subfield>
    <subfield code="w">(OCoLC)784384950</subfield>
  </datafield>
  <datafield tag="880" ind1="0" ind2=" ">
    <subfield code="6">775-10/(3/r</subfield>
    <subfield code="t">العقد الفريد.</subfield>
    <subfield code="b">الطبعة الثانية</subfield>
    <subfield code="d">بيروت : دار المسيرة، 1981</subfield>
    <subfield code="w">b12527476</subfield>
    <subfield code="w">(OCoLC)784384964</subfield>
  </datafield>
  <datafield tag="880" ind1="0" ind2=" ">
    <subfield code="6">775-11/(3/r</subfield>
    <subfield code="t">العقد الفريد</subfield>
    <subfield code="d">القاهرة، [مصر] : مطبعة لجنة التأليف والترجمة والنشر، 1367-1372 هـ. = 1940-1953 م.</subfield>
    <subfield code="w">b12527464</subfield>
    <subfield code="w">(OCoLC)784384955</subfield>
  </datafield>
  <datafield tag="880" ind1="0" ind2=" ">
    <subfield code="6">775-12/(3/r</subfield>
    <subfield code="t">العقد الفريد</subfield>
    <subfield code="d">بيروت : دار الكتاب العربي، 1406 هـ. = 1986 م.</subfield>
    <subfield code="w">b19179947</subfield>
  </datafield>
  <datafield tag="907" ind1=" " ind2=" ">
    <subfield code="a">.b17609756</subfield>
    <subfield code="b">17-08-10</subfield>
    <subfield code="c">12-12-13</subfield>
  </datafield>
  <datafield tag="907" ind1=" " ind2=" ">
    <subfield code="a">.b17609756</subfield>
    <subfield code="b">15-10-30</subfield>
    <subfield code="c">12-12-13</subfield>
  </datafield>
  <datafield tag="945" ind1=" " ind2=" ">
    <subfield code="f">CA</subfield>
    <subfield code="a">892.708:I132i2A:v.1:c.1</subfield>
    <subfield code="i">00475437</subfield>
    <subfield code="j">.i19527263</subfield>
    <subfield code="l">u0304</subfield>
  </datafield>
  <datafield tag="945" ind1=" " ind2=" ">
    <subfield code="f">CA</subfield>
    <subfield code="a">892.708:I132i2A:v.2:c.1</subfield>
    <subfield code="i">00475438</subfield>
    <subfield code="j">.i19527275</subfield>
    <subfield code="l">u0304</subfield>
  </datafield>
  <datafield tag="945" ind1=" " ind2=" ">
    <subfield code="f">CA</subfield>
    <subfield code="a">892.708:I132i2A:v.3:c.1</subfield>
    <subfield code="i">00475439</subfield>
    <subfield code="j">.i19527287</subfield>
    <subfield code="l">u0304</subfield>
  </datafield>
  <datafield tag="945" ind1=" " ind2=" ">
    <subfield code="f">CA</subfield>
    <subfield code="a">892.708:I132i2A:v.4:c.1</subfield>
    <subfield code="i">00475440</subfield>
    <subfield code="j">.i19527299</subfield>
    <subfield code="l">u0304</subfield>
  </datafield>
  <datafield tag="998" ind1=" " ind2=" ">
    <subfield code="a">u03</subfield>
    <subfield code="b">13-01-12</subfield>
    <subfield code="c">m</subfield>
    <subfield code="d">a</subfield>
    <subfield code="e">-</subfield>
    <subfield code="f">ara</subfield>
    <subfield code="g">ua </subfield>
    <subfield code="h">0</subfield>
    <subfield code="i">0</subfield>
  </datafield>
</record>
</collection>
